<?xml version="1.0" encoding="UTF-8"?><collection xmlns="http://www.loc.gov/MARC21/slim"><record><leader>00433nam--2200169-i-4500</leader><controlfield tag="001">000013510</controlfield><controlfield tag="002">20161230</controlfield><controlfield tag="005">20161230201030</controlfield><controlfield tag="008">060222s1000------------r-----000-0-eng-d</controlfield><datafield ind1=" " ind2=" " tag="040"><subfield code="a">IFIN-HH</subfield></datafield><datafield ind1=" " ind2=" " tag="080"><subfield code="a">801.323.2=82=590</subfield></datafield><datafield ind1="1" ind2=" " tag="100"><subfield code="a">Medvedev, Tatiana</subfield></datafield><datafield ind1="1" ind2="0" tag="245"><subfield code="a">Mic dictionar rus-roman</subfield><subfield code="c">Tatiana medvedev</subfield></datafield><datafield ind1=" " ind2=" " tag="260"><subfield code="a">Bucuresti</subfield><subfield code="b">Editura Sport-turism</subfield><subfield code="c">1980</subfield></datafield><datafield ind1=" " ind2=" " tag="300"><subfield code="a">445P</subfield></datafield><datafield ind1=" " ind2=" " tag="852"><subfield code="a">D.554</subfield></datafield><datafield ind1=" " ind2=" " tag="CAT"><subfield code="a">Sys</subfield><subfield code="c">20130306</subfield><subfield code="h">151620</subfield></datafield></record></collection>